@string{aw = "Addison-Wesley Publishing Company"}

@book{texbook,
    author = {Knuth, Donald Erwin},
    title = {The {\TeX}book},
    publisher = aw,
    year = 1986,
    isbn = {0-201-13447-0}
}

@book{companion,
    author = {Goossens, Michel and Mittelbach, Frank and Braams, Johannes and Carlisle, David and Rowley, Chris},
    title = {The {\LaTeX} Companion},
    year = 2004,
    edition = {2nd},
    publisher = aw,
    isbn = {0-201-36299-6}
}

@book{chicago,
    title = {The Chicago Manual of Style},
    edition = {15th},
    year = 2003,
    publisher = {The University of Chicago Press},
    isbn = {0-226-10403-6}
}

@book{bringhurst,
    author = {Robert Bringhurst},
    title = {The Elements of Typographic Style},
    edition = {Version 3.1},
    year = 2004,
    publisher = {Hartley \& Marks, Publishers},
    isbn = {0-88179-205-5}
}

@book{designingbooks,
    author = {Hochilu, Jost and Kinross, Robin},
    title = {Designing books: practice and theory},
    year = 1996,
    publisher = {Hyphen Press},
    isbn = {0-907259-08-1}
}
